
@book{mcharg1992,
address = {New York},
author = {McHarg, Ian L},
publisher = {Wiley},
title = {{Design with Nature}},
year = {1992},
keywords = {suitability}
}

%@article{donlan2005,
%author = {Donlan, Josh},
%journal = {Nature},
%number = {7053},
%pages = {913--914},
%title = {{Re-wilding North America}},
%volume = {436},
%year = {2005},
%keywords = {baselines}
%}

%@article{Rubenstein2006,
%doi = {10.1016/j.biocon.2006.04.003},
%isbn = {0006-3207},
%issn = {00063207},
%journal = {Biological Conservation},
%keywords = {Equid,Evolutionary and ecological potential,Extinct,Megafauna,Pleistocene re-wilding,Reintroduction},
%number = {2},
%pages = {232--238},
%pmid = {240480900008},
%title = {{Pleistocene Park: Does re-wilding North America represent sound conservation for the 21st century?}},
%volume = {132},
%year = {2006},
%keywords = {baselines}
%}

%@article{Willis2004,
%author = {Willis, K. J. and Gillson, L. and Brncic, T.M.},
%doi = {10.1126/science.1093991},
%issn = {0036-8075},
%journal = {Science},
%pages = {402--403},
%title = {{How 'virgin' is virgin rainforest}},
%url = {https://dx.doi.org/10.1126/science.1093991},
%volume = {304},
%year = {2004},
%keywords = {baselines}
%}

%@article{Willis2007,
%author = {Willis, Katherine J and Ara{\'{u}}jo, Miguel B and Bennett, Keith D and Figueroa-Rangel, Blanca and Froyd, Cynthia A and Myers, Norman},
%doi = {10.1098/rstb.2006.1977},
%isbn = {0962-8436},
%issn = {0962-8436},
%journal = {Philosophical Transactions of the Royal Society of London B},
%keywords = {biodiversity hotspots,climate change,conservation practice and policy,extinctions,long-term ecology,red data list},
%pages = {175--86},
%pmid = {17255027},
%title = {{How can a knowledge of the past help to conserve the future? Biodiversity conservation and the relevance of long-term ecological studies.}},
%url = {https://dx.doi.org/10.1098/rstb.2006.1977},
%volume = {362},
%year = {2007},
%keywords = {baselines}
%}

%@article{Willis2006,
%doi = {10.1126/science.1122667},
%isbn = {0036-8075},
%issn = {1095-9203},
%journal = {Science (New York, N.Y.)},
%number = {1261},
%pages = {1261--5},
%pmid = {17124315},
%title = {{What is natural? The need for a long-term perspective in biodiversity conservation.}},
%url = {http://www.ncbi.nlm.nih.gov/pubmed/17124315},
%volume = {314},
%year = {2006},
%keywords = {baselines}
%}

%@article{Svenning2015,
%author = {Svenning, Jens-Christian and Pedersen, Pil B M and Donlan, Josh and Ejrnaes, Rasmus and Faurby, S{\o}ren and Galetti, Mauro and Hansen, Dennis M and Sandel, Brody and Sandom, Christopher J and Terborgh, John and Vera, Frans W M},
%doi = {https://dx.doi.org/10.1073/pnas.1502556112},
%isbn = {1091-6490 (Electronic)$\backslash$r0027-8424 (Linking)},
%issn = {0027-8424},
%journal = {PNAS},
%number = {4},
%pages = {1--7},
%pmid = {26504218},
%title = {{Science for a wilder Anthropocene -synthesis and future directions for rewilding research}},
%volume = {113},
%year = {2015},
%keywords = {baselines}
%}

@book{Kingsbury2013,
address = {Portland},
author = {Kingsbury, Noel and Oudolf, Piet},
isbn = {978-1604693706},
publisher = {Timber Press},
title = {{Planting: A New Perspective}},
year = {2013},
keywords = {planting}
}

@book{desimini2016cartographic,
author = {Desimini, Jill and Waldheim, Charles and Mostafavi, Mohsen},
isbn = {9781616893293},
publisher = {Princeton Architectural Press},
title = {{Cartographic Grounds: Projecting the Landscape Imaginary}},
year = {2016},
keywords = {cartography}
}

@book{acciavatti2015ganges,
author = {Acciavatti, A},
isbn = {9780982622612},
publisher = {ORO Editions},
title = {{Ganges Water Machine: Designing New India's Ancient River}},
year = {2015},
keywords = {cartography}
}


